@article{ashutiwa,
    author  = "Ashutosh Tiwari (ashutiwa@iu.edu)",
    title   = "Report on Deep Learning Project",
    year    = "2021"
}
